@article{iwasa2010animating,
  title =	 {Animating the model figure},
  author =	 {Iwasa, Janet H},
  journal =	 {Trends in cell biology},
  volume =	 {20},
  number =	 {12},
  pages =	 {699--704},
  year =	 {2010},
  publisher =	 {Elsevier}
}
@online{GrahamCellVideo,
  title =	 {Rapid visual inventory and comparison of complex 3d
                  structures},
  date =	 {2011},
  author =	 {Graham Johnson and Andrew B Noske and Brad J Marsh},
  url =		 {https://www.youtube.com/watch?v=Dl1ufW3cj4g},
}
@online{DrewBerryMovies,
  title =	 {Molecular animations},
  author =	 {Drew Berry},
  url =          {http://www.molecularmovies.com/movies/viewanimatorstudio/drew\%20berry/},
}

@online{DavidGoodsellVideo,
  title =	 {Illustrating Ebola},
  url =		 {https://www.youtube.com/watch?v=f0rPXTJzpLE},
}